@book{hart,
    author = "John Fraser Hart",
    title = "Computer Approximations",
    publisher = "Krieger Pub Co",
    year = "1978",
    pagetotal = "352~p",
}
@book{cody-waite,
    author = "William~J. Cody~Jr., William~Waite",
    title = "Software Manual for Elementary Functions", 
    publisher = "Prentice-Hall, Inc.",
    year = "1980",
    pagetotal = "279~p.",
}
@book{muller,
    author = "Jean-Michel~Muller",
    title = "Elementary Functions: Algorithms and Implementation",
    publisher = "Boston: Birkhäuser",
    year = "2006",
    pagetotal = "286~p.",
}

@book{muller-fp,
    author = "Jean-Michel~Muller, Nicolas~Brisebarre, Florent~de~Dinechin, Claude-Pierre~Jeannerod, Vincent~Lefevre, Guillaume~Melquiond, Nathalie~Revol, Damien~Stehle, Serge~Torres",
    title = "Handbook of Floating-Point Arithmetic",
    publisher = "Boston: Birkhäuser",
    year = "2010",
    pagetotal = "567~p.",
}
@book{beebe,
    author = "Nelson~H.F.~Beebe",
    title = "The Mathematical-Function Computation Handbook: Programming Using the MathCW Portable Software Library",
    publisher = "Springer International Publishing AG",
    year = "2017",
    pagetotal = "1145~p.",
}
@book{muchnick,
    author = "S.~Muchnick",
    title = "Advanced Compiler Design and Implementation",
    publisher = "Morgan Kaufmann Publishers",
    year = "1997",
    pagetotal = "856p.",
}
@article{goldberg,
    author = "David~Goldberg",
    title = "What Every Computer Scientist Should Know About Floating-Point Arithmetic",
    journal = "ACM Computing Surveys",
    volume = "23",
    number = "1",
    mounth = "March",
    year = "1991",
}
@article{estrin,
    author = "G.~Estrin",
    title = "Organization of Computer System -- The Fixed Plus Variable Structure Computer",
    journal = "Proceedings Western Joint Computer Conference",
    mounth = "May",
    year = "1960",
    publisher = "AFIPS Press",
    address = "Montvale, New Jersey",
    pages = "33--40",
}
@article{use-poly,
    author = "M. Dukhan and R. Vuduc",
    title = "Methods for High-Throughput Computation of Elementary Functions",
    journal = "Lecture Notes in Computer Science book series",
    volume = "8384",
    year = "2014",
    pages = "86--95",
}
@article{remez-proof,
    author = "W.~Fraser",
    title = "Asurvey of methods of computing minimax and near-minimax polynomial approximations for functions of a single independent variable",
    journal = "Journal of the ACM",
    volume = "12",
    number = "3",
    mounth = "July",
    year = "1965",
    pages = "295-–314",
}
% стандарты    
@manual{ieee754,
    title = "IEEE Standard 754-1985 for Binary Floating-Point Arithmetic",
    publisher = "IEEE. Reprinted in SIGPLAN 22, 2, 9-25.",
}
@manual{ieee754-2008,
    title = "IEEE Standard 754-2008 for Floating-Point Arithmetic",
    publisher = "The Institute of Electrical and Electronics Engineers, Inc",
    year = "2008",
}
@manual{opencl11,
    title = "The OpenCL Specification Version:1.1 Revision: 44",
    publisher = "Khronos OpenCL Working Group",
    year = "2011",
    pagetotal = "385",
}
@manual{opencl20,
    title = "The OpenCL Specification Version:2.0 Revision: 29",
    publisher = "Khronos OpenCL Working Group",
    year = "2015",
    pagetotal = "288",
}
@manual{c99,
    title = "INTERNATIONAL STANDARD ISO/IEC 9899:TC3 Programming languages -- C",
}
@manual{c++11,
    title = "INTERNATIONAL STANDARD ISO/IEC 14882:2011 -- Information technology -- Programming languages -- C++"
}
@manual{c++17,
    title = "INTERNATIONAL STANDARD ISO/IEC 14882:2017 -- Information technology -- Programming languages -- C++"
}
% доки
@manual{gen9,
    title = "The Compute Architecture of Intel Processor Graphics Gen9",
    publisher = "Intel Corp.",
    year = "2015",
    url = "https://software.intel.com/content/dam/develop/external/us/en/documents/the-compute-architecture-of-intel-processor-graphics-gen9-v1d0-166010.pdf",
}
@manual{gen9-man,
    title = "Graphics API Performance Guide For Intel Processor Graphics Gen9",
    publisher = "Intel Corp.",
    year = "2017",
    url = "https://software.intel.com/content/dam/develop/public/us/en/documents/graphics-api-performance-guide-2-5.pdf",
}
@manual{visa,
    title = "GEN Virtual ISA Specification",
    publisher = "Intel Corp.",
    year = "2020",
    url = "https://github.com/intel/intel-graphics-compiler/blob/master/documentation/visa/index.md",
}
@manual{cm-doc,
    title = "Documentation for CM",
    url = "https://github.com/intel/cm-compiler/blob/master/support/docs/_build/html/index.html",
}
% other
@book{hennessy-patterson,
    author = "J.~L.~Hennessy, D.~A.~Patterson",
    title = "Computer Architecture: A Quatitative Approach Fifth Edition",
    publisher = "Elsevier, Inc.",
    year = "2012",
    pagetotal = "1357",
}
@manual{remez-boost,
    title = "Boost Library Documentation",
    url = "https://www.boost.org/doc/libs/1_42_0/libs/math/doc/sf_and_dist/html/math_toolkit/toolkit/internals2/minimax.html",
}
@manual{amd-math,
    title = "AMD Core Math Library (ACML) Version 4.2.0",
    publisher = "Advanced Micro Devices, Inc., Numerical Algorithms Group Ltd.",
    year = "2012",
    pagetotal = "234",
}